@book{Luckham:2001:PEI:515781,
 author = {Luckham, David C.},
 title = {The  Power of Events: An Introduction to Complex Event Processing in Distributed Enterprise Systems},
 year = {2001},
 isbn = {0201727897},
 publisher = {Addison-Wesley Longman Publishing Co., Inc.},
 address = {Boston, MA, USA},
}

@misc{RTOS,
  title = {FreeRTOS},
  howpublished = {\url{http://www.freertos.org/about-RTOS.html}},
  note = {Accessed: 2016-04-07}
}
